@book{prince,
	title={{Computer Vision: Models, Learning and Inference}},
	author={Prince, S. J. D.},
	publisher={Cambridge University Press},
	year={2012}
}

@inproceedings{kmeans-pp,
  title={k-means++: The advantages of careful seeding},
  author={Arthur, David and Vassilvitskii, Sergei},
  booktitle={Proceedings of the eighteenth annual ACM-SIAM symposium on Discrete algorithms},
  pages={1027--1035},
  year={2007},
  organization={Society for Industrial and Applied Mathematics}
}

@book{bishop,
 author = {Bishop, Christopher M.},
 title = {Pattern Recognition and Machine Learning (Information Science and Statistics)},
 year = {2006},
 isbn = {0387310738},
 publisher = {Springer-Verlag New York, Inc.},
 address = {Secaucus, NJ, USA},
}
